<?xml version="1.0" encoding="UTF-8"?><record xmlns="http://www.loc.gov/MARC21/slim" xmlns:cinclude="http://apache.org/cocoon/include/1.0" xmlns:zs="http://www.loc.gov/zing/srw/">
  <leader>00979cz  a2200169n  4500</leader>
  <controlfield tag="001">n  88275784 </controlfield>
  <controlfield tag="003">DLC</controlfield>
  <controlfield tag="005">19981119150309.5</controlfield>
  <controlfield tag="008">890712n| acannaab|          |a ana |||  </controlfield>
  <datafield tag="010" ind1=" " ind2=" ">
    <subfield code="a">n  88275784 </subfield>
  </datafield>
  <datafield tag="040" ind1=" " ind2=" ">
    <subfield code="a">DLC</subfield>
    <subfield code="c">DLC</subfield>
    <subfield code="d">DLC</subfield>
  </datafield>
  <datafield tag="110" ind1="2" ind2="0">
    <subfield code="a">Sŭvet za vzaimno osiguri︠a︡vane na kooperatorite</subfield>
  </datafield>
  <datafield tag="410" ind1="2" ind2="0">
    <subfield code="a">T︠S︡entralen kooperativen sŭi︠u︡z.</subfield>
    <subfield code="b">Sŭvet za vzaimno osiguri︠a︡vane na kooperatorite</subfield>
  </datafield>
  <datafield tag="410" ind1="2" ind2="0">
    <subfield code="a">Mutual Insurance Co-operators' Council</subfield>
  </datafield>
  <datafield tag="410" ind1="2" ind2="0">
    <subfield code="a">T︠S︡entralen kooperativen sŭi︠u︡z.</subfield>
    <subfield code="b">Mutual Insurance Co-operators' Council</subfield>
  </datafield>
  <datafield tag="670" ind1=" " ind2=" ">
    <subfield code="a">Doklad za priemane na novi primerni ustavi na kooperativnite organizat︠s︡ii i ustavi na T︠S︡entralnii︠a︡ kooperativen sŭi︠u︡z i Sŭveta za vzaimno osiguri︠a︡vane na kooperatorite, 1987:</subfield>
    <subfield code="b">p. 116 (Sŭvet za vzaimno osiguri︠a︡vane na kooperatorite pri T︠S︡entralnii︠a︡ kooperativen sŭi︠u︡z)</subfield>
  </datafield>
  <datafield tag="670" ind1=" " ind2=" ">
    <subfield code="a">LC data base, 06-29-89</subfield>
    <subfield code="b">(Mutual Insurance Co-operators' Council)</subfield>
  </datafield>
</record>